@techreport{kapur1995algorithm,
  title={An algorithm for the fast {H}ankel transform},
  author={Kapur, Sharad and Rokhlin, Vladimir},
  year={1995},
  institution={Technical Report 1045, Computer Science Department, Yale University}
}

@article{johansen1979fast,
  title={Fast {H}ankel transforms},
  author={Johansen, HK and S{\o}rensen, K},
  journal={Geophysical Prospecting},
  volume={27},
  number={4},
  pages={876--901},
  year={1979},
  publisher={Blackwell Publishing Ltd Oxford, UK}
}

@article{cree1993algorithms,
  title={Algorithms to numerically evaluate the {H}ankel transform},
  author={Cree, MJ and Bones, PJ},
  journal={Computers \& Mathematics with Applications},
  volume={26},
  number={1},
  pages={1--12},
  year={1993},
  publisher={Elsevier}
}

@article{townsend2015fast,
  title={A fast analysis-based discrete {H}ankel transform using asymptotic expansions},
  author={Townsend, Alex},
  journal={SIAM Journal on Numerical Analysis},
  volume={53},
  number={4},
  pages={1897--1917},
  year={2015},
  publisher={SIAM}
}

@book{olver2010nist,
  title={NIST handbook of mathematical functions},
  author={Olver, Frank WJ},
  year={2010},
  publisher={Cambridge university press}
}

@article{oneil2010algorithm,
  title={An algorithm for the rapid evaluation of special function transforms},
  author={O'Neil, Michael and Woolfe, Franco and Rokhlin, Vladimir},
  journal={Applied and Computational Harmonic Analysis},
  volume={28},
  number={2},
  pages={203--226},
  year={2010},
  publisher={Elsevier}
}

@article{mook1983algorithm,
  title={An algorithm for the numerical evaluation of the {H}ankel and {A}bel transforms},
  author={Mook, D},
  journal={IEEE transactions on acoustics, speech, and signal processing},
  volume={31},
  number={4},
  pages={979--985},
  year={1983},
  publisher={IEEE}
}

@article{siegman1977quasi,
  title={Quasi fast {H}ankel transform},
  author={Siegman, AE},
  journal={Optics letters},
  volume={1},
  number={1},
  pages={13--15},
  year={1977},
  publisher={Optica Publishing Group}
}

@article{lord1954a,
  title={The use of the {H}ankel transform in statistics {I}. {G}eneral theory and examples},
  author={Lord, Reginald Douglas},
  journal={Biometrika},
  volume={41},
  number={1/2},
  pages={44--55},
  year={1954},
  publisher={JSTOR}
}

@article{lord1954b,
  title={The use of the {H}ankel transform in statistics {II}. {M}ethods of computation},
  author={Lord, Reginald Douglas},
  journal={Biometrika},
  volume={41},
  number={3/4},
  pages={344--350},
  year={1954},
  publisher={JSTOR}
}

@article{brunol1977fourier,
  title={Fourier transformation of rotationally invariant two-variable functions: {C}omputer implementation of {H}ankel transform},
  author={Brunol, J and Chavel, P},
  journal={Proceedings of the IEEE},
  volume={65},
  number={7},
  pages={1089--1090},
  year={1977},
  publisher={IEEE}
}

@article{cavanagh1979numerical,
  title={Numerical evaluation of {H}ankel transforms via {G}aussian-{L}aguerre polynomial expansions},
  author={Cavanagh, Eduardo and Cook, B},
  journal={IEEE transactions on acoustics, speech, and signal processing},
  volume={27},
  number={4},
  pages={361--366},
  year={1979},
  publisher={IEEE}
}

@article{hansen1985fast,
  title={Fast {H}ankel transform algorithm},
  author={Hansen, E},
  journal={IEEE transactions on acoustics, speech, and signal processing},
  volume={33},
  number={3},
  pages={666--671},
  year={1985},
  publisher={IEEE}
}

@article{oppenheim1978algorithm,
  title={An algorithm for the numerical evaluation of the {H}ankel transform},
  author={Oppenheim, Alan V and Frisk, George V and Martinez, David R},
  journal={Proceedings of the IEEE},
  volume={66},
  number={2},
  pages={264--265},
  year={1978},
  publisher={IEEE}
}

@article{oppenheim1980computation,
  title={Computation of the Hankel transform using projections},
  author={Oppenheim, Alan V and Frisk, George V and Martinez, David R},
  journal={The Journal of the Acoustical Society of America},
  volume={68},
  number={2},
  pages={523--529},
  year={1980},
  publisher={Acoustical Society of America}
}

@article{li2015butterfly,
  title={Butterfly factorization},
  author={Li, Yingzhou and Yang, Haizhao and Martin, Eileen R and Ho, Kenneth L and Ying, Lexing},
  journal={Multiscale Modeling \& Simulation},
  volume={13},
  number={2},
  pages={714--732},
  year={2015},
  publisher={SIAM}
}

@article{pang2020interpolative,
  title={Interpolative decomposition butterfly factorization},
  author={Pang, Qiyuan and Ho, Kenneth L and Yang, Haizhao},
  journal={SIAM Journal on Scientific Computing},
  volume={42},
  number={2},
  pages={A1097--A1115},
  year={2020},
  publisher={SIAM}
}

@article{higgins1988hankel,
  title={A {H}ankel transform approach to tomographic image reconstruction},
  author={Higgins, William E and Munson, David C},
  journal={IEEE transactions on medical imaging},
  volume={7},
  number={1},
  pages={59--72},
  year={1988},
  publisher={IEEE}
}

@article{xiao2010image,
  title={Image analysis by {B}essel--{F}ourier moments},
  author={Xiao, Bin and Ma, Jian-Feng and Wang, Xuan},
  journal={Pattern Recognition},
  volume={43},
  number={8},
  pages={2620--2629},
  year={2010},
  publisher={Elsevier}
}

@article{zhao2013fourier,
  title={Fourier--{B}essel rotational invariant eigenimages},
  author={Zhao, Zhizhen and Singer, Amit},
  journal={JOSA A},
  volume={30},
  number={5},
  pages={871--877},
  year={2013},
  publisher={Optica Publishing Group}
}

@article{genton2002nonparametric,
  title={Nonparametric variogram and covariogram estimation with {F}ourier--{B}essel matrices},
  author={Genton, Marc G and Gorsich, David J},
  journal={Computational Statistics \& Data Analysis},
  volume={41},
  number={1},
  pages={47--57},
  year={2002},
  publisher={Elsevier}
}

@article{bisseling1985fast,
  title={The fast {H}ankel transform as a tool in the solution of the time dependent {S}chr{\"o}dinger equation},
  author={Bisseling, Rob and Kosloff, Ronnie},
  journal={Journal of Computational Physics},
  volume={59},
  number={1},
  pages={136--151},
  year={1985},
  publisher={Elsevier}
}

@article{ali1999generalized,
  title={A generalized {H}ankel transform and its use for solving certain partial differential equations},
  author={Ali, Ismail and Kalla, S},
  journal={The ANZIAM Journal},
  volume={41},
  number={1},
  pages={105--117},
  year={1999},
  publisher={Cambridge University Press}
}

@article{greengard2004accelerating,
  title={Accelerating the nonuniform fast Fourier transform},
  author={Greengard, Leslie and Lee, June-Yub},
  journal={SIAM review},
  volume={46},
  number={3},
  pages={443--454},
  year={2004},
  publisher={SIAM}
}

@article{dutt1993fast,
  title={Fast Fourier transforms for nonequispaced data},
  author={Dutt, Alok and Rokhlin, Vladimir},
  journal={SIAM Journal on Scientific computing},
  volume={14},
  number={6},
  pages={1368--1393},
  year={1993},
  publisher={SIAM}
}

@article{barnett2019parallel,
  title={A parallel nonuniform fast Fourier transform library based on an â€œexponential of semicircle" kernel},
  author={Barnett, Alexander H and Magland, Jeremy and af Klinteberg, Ludvig},
  journal={SIAM Journal on Scientific Computing},
  volume={41},
  number={5},
  pages={C479--C504},
  year={2019},
  publisher={SIAM}
}

@article{wimp1962polynomial,
  title={Polynomial expansions of Bessel functions and some associated functions},
  author={Wimp, Jet},
  journal={Mathematics of Computation},
  volume={16},
  number={80},
  pages={446--458},
  year={1962},
  publisher={JSTOR}
}